@book{Griffiths,
	author = "David Griffiths",
	title = "Introduction to Elementary Particles",
	publisher = "Wiley-VCH",
	year = 2008,
	edition = 2,
	isbn = 9783527406012	 
}

@article{Hahn:1911,
	author = "{O. von Baeyer}, {O. Hahn}, {L. Meitner} ",
	title = "{Uber die $\beta$-Strahlen des aktiven Niederschlags des Thoriums}",
	journal = {Zeitschrift fur Physik},
	volume = "12",
	year = "1911",
	pages = "273-279"
}

@article{Chadwick:1914zz,
	author         = "Chadwick, J.",
	title          = "{The intensity distribution in the magnetic spectrum of
	beta particles from radium (B + C)}",
	journal        = "Verh. Phys. Gesell.",
	volume         = "16",
	year           = "1914",
	pages          = "383-391",
	SLACcitation   = "%%CITATION = VDPEA,16,383;%%"
}

@article{Ellis:1927,
	author = "C. D. Ellis  and W. A. Wooster",
	title = "{The average energy of disintegration of radium E}",
	journal = "Proceedings of the Royal Society of London Series A",
	volume = "117",
	issue = "776",
	year = "1927",
	pages = "109-123",
	url = "https://royalsocietypublishing.org/doi/abs/10.1098/rspa.1927.0168",
	doi = "10.1098/rspa.1927.0168"
}


@misc{PauliLetter,
	author = {Wolfgang Pauli},
	title = "Letter to Tubingen Conference about Neutrino Hypothesis",
	publisher = "CERN Pauli Archive", 
	url = "http://cds.cern.ch/record/83282/files/meitner_0393.pdf"
}

@article{Fermi:1934hr,
	author         = "Fermi, E.",
	title          = "{An attempt of a theory of beta radiation. 1.}",
	journal        = "Z. Phys.",
	volume         = "88",
	year           = "1934",
	pages          = "161-177",
	doi            = "10.1007/BF01351864",
	reportNumber   = "UCRL-TRANS-726",
	SLACcitation   = "%%CITATION = ZEPYA,88,161;%%"
}


//First neutrino discovered, electron antineutrino

@article{Cowan,
	author = {Cowan, C. L. and Reines, F. and Harrison, F. B. and Kruse, H. W. and McGuire, A. D.},
	title = {Detection of the Free Neutrino: a Confirmation},
	volume = {124},
	number = {3212},
	pages = {103--104},
	year = {1956},
	doi = {10.1126/science.124.3212.103},
	publisher = {American Association for the Advancement of Science},
	issn = {0036-8075},
	URL = {http://science.sciencemag.org/content/124/3212/103},
	eprint = {http://science.sciencemag.org/content/124/3212/103.full.pdf},
	journal = {Science}
}

//Discovery of muon neutrino
@article{Lederman,
  title = {Observation of High-Energy Neutrino Reactions and the Existence of Two Kinds of Neutrinos},
  author = {Danby, G. and Gaillard, J-M. and Goulianos, K. and Lederman, L. M. and Mistry, N. and Schwartz, M. and Steinberger, J.},
  journal = {Phys. Rev. Lett.},
  volume = {9},
  issue = {1},
  pages = {36--44},
  numpages = {0},
  year = {1962},
  month = {Jul},
  publisher = {American Physical Society},
  doi = {10.1103/PhysRevLett.9.36},
  url = {https://link.aps.org/doi/10.1103/PhysRevLett.9.36}
}

//Discovery of tau neutrino
@article{TauDONUT,
      author         = "Kodama, K. and others",
      title          = "{Observation of tau neutrino interactions}",
      collaboration  = "DONUT",
      journal        = "Phys. Lett.",
      volume         = "B504",
      year           = "2001",
      pages          = "218-224",
      doi            = "10.1016/S0370-2693(01)00307-0",
      eprint         = "hep-ex/0012035",
      archivePrefix  = "arXiv",
      primaryClass   = "hep-ex",
      reportNumber   = "FERMILAB-PUB-00-335-E",
      SLACcitation   = "%%CITATION = HEP-EX/0012035;%%"
}

@article{DONUT,
  title = {Final tau-neutrino results from the DONuT experiment},
  author = {Kodama, K. and others},
  collaboration = {DONuT Collaboration},
  journal = {Phys. Rev. D},
  volume = {78},
  issue = {5},
  pages = {052002},
  numpages = {20},
  year = {2008},
  month = {Sep},
  publisher = {American Physical Society},
  doi = {10.1103/PhysRevD.78.052002},
  url = {https://link.aps.org/doi/10.1103/PhysRevD.78.052002}
}

@article{PhysRev.109.1015,
	title = {Helicity of Neutrinos},
	author = {Goldhaber, M. and Grodzins, L. and Sunyar, A. W.},
	journal = {Phys. Rev.},
	volume = {109},
	issue = {3},
	pages = {1015--1017},
	numpages = {0},
	year = {1958},
	month = {Feb},
	publisher = {American Physical Society},
	doi = {10.1103/PhysRev.109.1015},
	url = {https://link.aps.org/doi/10.1103/PhysRev.109.1015}
}


//~~~~~~~~~~~~~~~~~~~~~~~~~~~~~~~~~~~~~~~~~~~~~~~~~~~~~~~~~~~~~~~~~~~~~~~~~~
//Solar neutrino problem

@article{Serenelli:2016dgz,
	author         = "Serenelli, Aldo",
	title          = "{Alive and well: a short review about standard solar
	models}",
	journal        = "Eur. Phys. J.",
	volume         = "A52",
	year           = "2016",
	number         = "4",
	pages          = "78",
	doi            = "10.1140/epja/i2016-16078-1",
	eprint         = "1601.07179",
	archivePrefix  = "arXiv",
	primaryClass   = "astro-ph.SR",
	SLACcitation   = "%%CITATION = ARXIV:1601.07179;%%"
}

@article{Davis,
  title = {Search for Neutrinos from the Sun},
  author = {Davis, Raymond and Harmer, Don S. and Hoffman, Kenneth C.},
  journal = {Phys. Rev. Lett.},
  volume = {20},
  issue = {21},
  pages = {1205--1209},
  numpages = {0},
  year = {1968},
  month = {May},
  publisher = {American Physical Society},
  doi = {10.1103/PhysRevLett.20.1205},
  url = {https://link.aps.org/doi/10.1103/PhysRevLett.20.1205}
}

@article{Abdurashitov:1994bc,
	author         = "Abdurashitov, J. N. and others",
	title          = "{Results from SAGE}",
	collaboration  = "SAGE",
	journal        = "Phys. Lett.",
	volume         = "B328",
	year           = "1994",
	pages          = "234-248",
	doi            = "10.1016/0370-2693(94)90454-5",
	SLACcitation   = "%%CITATION = PHLTA,B328,234;%%"
}

@article{Hampel:1998xg,
	author         = "Hampel, W. and others",
	title          = "{GALLEX solar neutrino observations: Results for GALLEX
	IV}",
	collaboration  = "GALLEX",
	journal        = "Phys. Lett.",
	volume         = "B447",
	year           = "1999",
	pages          = "127-133",
	doi            = "10.1016/S0370-2693(98)01579-2",
	reportNumber   = "DAPNIA-SPP-98-19, GX-127-1998, CHEM-BNL-C-4655-1998,
	MPI-H-V37-1998",
	SLACcitation   = "%%CITATION = PHLTA,B447,127;%%"
}

@article{Altmann:2000ft,
	author         = "Altmann, M. and others",
	title          = "{GNO solar neutrino observations: Results for GNO I}",
	collaboration  = "GNO",
	journal        = "Phys. Lett.",
	volume         = "B490",
	year           = "2000",
	pages          = "16-26",
	doi            = "10.1016/S0370-2693(00)00915-1",
	eprint         = "hep-ex/0006034",
	archivePrefix  = "arXiv",
	primaryClass   = "hep-ex",
	SLACcitation   = "%%CITATION = HEP-EX/0006034;%%"
}
@article{Bellotti:2001ta,
	author         = "Bellotti, E.",
	title          = "{First results from GNO}",
	booktitle      = "{Neutrino physics and astrophysics. Proceedings, 19th
	International Conference, Neutrino 2000, Sudbury, Canada,
	June 16-21, 2000}",
	journal        = "Nucl. Phys. Proc. Suppl.",
	volume         = "91",
	year           = "2001",
	pages          = "44-49",
	doi            = "10.1016/S0920-5632(00)00921-X",
	note           = "[,44(2001)]",
	SLACcitation   = "%%CITATION = NUPHZ,91,44;%%"
}



//~~~~~~~~~~~~~~~~~~~~~~~~~~~~~~~~~~~~~~~~~~~~~~~~~~~~~~~~~~~~~~~~~~~~~~~~~~
//Pontecorvo - neutrino osc.
@article{Pont1968,
      author         = "Pontecorvo, B.",
      title          = "{Neutrino Experiments and the Problem of Conservation of
                        Leptonic Charge}",
      journal        = "Sov. Phys. JETP",
      volume         = "26",
      year           = "1968",
      pages          = "984-988",
      note           = "[Zh. Eksp. Teor. Fiz.53,1717(1967)]",
      SLACcitation   = "%%CITATION = SPHJA,26,984;%%"
}

@article{Pont1977,
  author={S M Bilen'kiÄ­ and Bruno Pontecorvo},
  title={Lepton mixing and neutrino oscillations},
  journal={Soviet Physics Uspekhi},
  volume={20},
  number={10},
  pages={776},
  url={http://stacks.iop.org/0038-5670/20/i=10/a=R02},
  year={1977},
}

//~~~~~~~~~~~~~~~~~~~~~~~~~~~~~~~~~~~~~~~~~~~~~~~~~~~~~~~~~~~~~~~~~~~~~~~~~~
//Oscillation discovery
@article{SuperKOsc,
  title = {Evidence for Oscillation of Atmospheric Neutrinos},
  author = {Fukuda, Y. and others},
  collaboration = {Super-Kamiokande Collaboration},
  journal = {Phys. Rev. Lett.},
  volume = {81},
  issue = {8},
  pages = {1562--1567},
  numpages = {0},
  year = {1998},
  month = {Aug},
  publisher = {American Physical Society},
  doi = {10.1103/PhysRevLett.81.1562},
  url = {https://link.aps.org/doi/10.1103/PhysRevLett.81.1562}
}

@article{SNO,
  title = {Measurement of the Rate of ${\ensuremath{\nu}}_{e}+\mathit{d}\ensuremath{\rightarrow}\mathit{p}+\mathit{p}+{\mathit{e}}^{\ensuremath{-}}$ Interactions Produced by $^{8}B$ Solar Neutrinos at the Sudbury Neutrino Observatory},
  author = {Ahmad, Q. R. and others},
  collaboration = {SNO Collaboration},
  journal = {Phys. Rev. Lett.},
  volume = {87},
  issue = {7},
  pages = {071301},
  numpages = {6},
  year = {2001},
  month = {Jul},
  publisher = {American Physical Society},
  doi = {10.1103/PhysRevLett.87.071301},
  url = {https://link.aps.org/doi/10.1103/PhysRevLett.87.071301}
}

@article{SNOOsc,
  title = {Direct Evidence for Neutrino Flavor Transformation from Neutral-Current Interactions in the Sudbury Neutrino Observatory},
  author = {Ahmad, Q. R. and others},
  collaboration = {SNO Collaboration},
  journal = {Phys. Rev. Lett.},
  volume = {89},
  issue = {1},
  pages = {011301},
  numpages = {6},
  year = {2002},
  month = {Jun},
  publisher = {American Physical Society},
  doi = {10.1103/PhysRevLett.89.011301},
  url = {https://link.aps.org/doi/10.1103/PhysRevLett.89.011301}
}

//~~~~~~~~~~~~~~~~~~~~~~~~~~~~~~~~~~~~~~~~~~~~~~~~~~~~~~~~~~~~~~~~~~~~~~~~~~
@article{PDG2016,
      author         = "Patrignani, C. and others",
      title          = "{Review of Particle Physics}",
      collaboration  = "Particle Data Group",
      journal        = "Chin. Phys.",
      volume         = "C40",
      year           = "2016",
      number         = "10",
      pages          = "100001",
      doi            = "10.1088/1674-1137/40/10/100001",
      SLACcitation   = "%%CITATION = CHPHD,C40,100001;%%"
}

@article{PDG,
  title = {Review of Particle Physics},
  author = {Tanabashi, M. and others}, 
  collaboration = {Particle Data Group},
  journal = {Phys. Rev. D},
  volume = {98},
  issue = {3},
  pages = {030001},
  numpages = {1898},
  year = {2018},
  month = {Aug},
  publisher = {American Physical Society},
  doi = {10.1103/PhysRevD.98.030001},
  url = {https://link.aps.org/doi/10.1103/PhysRevD.98.030001}
}

//~~~~~~~~~~~~~~~~~~~~~~~~~~~~~~~~~~~~~~~~~~~~~~~~~~~~~~~~~~~~~~~~~~~~~~~~~~
//Electron conversion method
@article{VonFeilitzsch:1982jw,
	author         = "Von Feilitzsch, F. and Hahn, A. A. and Schreckenbach, K.",
	title          = "{EXPERIMENTAL BETA SPECTRA FROM PU-239 AND U-235 THERMAL
	NEUTRON FISSION PRODUCTS AND THEIR CORRELATED
	ANTI-NEUTRINOS SPECTRA}",
	journal        = "Phys. Lett.",
	volume         = "118B",
	year           = "1982",
	pages          = "162-166",
	doi            = "10.1016/0370-2693(82)90622-0",
	SLACcitation   = "%%CITATION = PHLTA,118B,162;%%"
}

@article{Schreckenbach:1985ep,
	author         = "Schreckenbach, K. and Colvin, G. and Gelletly, W. and Von
	Feilitzsch, F.",
	title          = "{DETERMINATION OF THE ANTI-NEUTRINO SPECTRUM FROM U-235
	THERMAL NEUTRON FISSION PRODUCTS UP TO 9.5-MEV}",
	journal        = "Phys. Lett.",
	volume         = "160B",
	year           = "1985",
	pages          = "325-330",
	doi            = "10.1016/0370-2693(85)91337-1",
	SLACcitation   = "%%CITATION = PHLTA,160B,325;%%"
}

@article{Hahn:1989zr,
	author         = "Hahn, A. A. and Schreckenbach, K. and Colvin, G. and
	Krusche, B. and Gelletly, W. and Von Feilitzsch, F.",
	title          = "{Anti-neutrino Spectra From $^{241}$Pu and $^{239}$Pu
	Thermal Neutron Fission Products}",
	journal        = "Phys. Lett.",
	volume         = "B218",
	year           = "1989",
	pages          = "365-368",
	doi            = "10.1016/0370-2693(89)91598-0",
	SLACcitation   = "%%CITATION = PHLTA,B218,365;%%"
}
@article{Haag:2013raa,
	author         = "Haag, N. and GÃ¼tlein, A. and Hofmann, M. and Oberauer,
	L. and Potzel, W. and Schreckenbach, K. and Wagner, F. M.",
	title          = "{Experimental Determination of the Antineutrino Spectrum
	of the Fission Products of $^{238}$U}",
	journal        = "Phys. Rev. Lett.",
	volume         = "112",
	year           = "2014",
	number         = "12",
	pages          = "122501",
	doi            = "10.1103/PhysRevLett.112.122501",
	eprint         = "1312.5601",
	archivePrefix  = "arXiv",
	primaryClass   = "nucl-ex",
	SLACcitation   = "%%CITATION = ARXIV:1312.5601;%%"
}

//~~~~~~~~~~~~~~~~~~~~~~~~~~~~~~~~~~~~~~~~~~~~~~~~~~~~~~~~~~~~~~~~~~~~~~~~~~
//Antineutrino spectrum from reactors
@article{PhysRevC.24.1543,
	title = {Reactor antineutrino spectra and their application to antineutrino-induced reactions. II},
	author = {Vogel, P. and Schenter, G. K. and Mann, F. M. and Schenter, R. E.},
	journal = {Phys. Rev. C},
	volume = {24},
	issue = {4},
	pages = {1543--1553},
	numpages = {0},
	year = {1981},
	month = {Oct},
	publisher = {American Physical Society},
	doi = {10.1103/PhysRevC.24.1543},
	url = {https://link.aps.org/doi/10.1103/PhysRevC.24.1543}
}


@article{HayesVogel,
      author         = "Hayes, A. C. and Vogel, Petr",
      title          = "{Reactor Neutrino Spectra}",
      journal        = "Ann. Rev. Nucl. Part. Sci.",
      volume         = "66",
      year           = "2016",
      pages          = "219-244",
      doi            = "10.1146/annurev-nucl-102115-044826",
      eprint         = "1605.02047",
      archivePrefix  = "arXiv",
      primaryClass   = "hep-ph",
      SLACcitation   = "%%CITATION = ARXIV:1605.02047;%%"
}

@misc{ReactFissPic,
	author = "nobelprize.com",
	title = "Energy from Matter",
	publisher = "Nobel Media",
	year = 2014,
	url = "http://www.nobelprize.org/educational/physics/energy/fission_2.html"
}

@article{Mueller,
      author         = "Mueller, Th. A. and others",
      title          = "{Improved Predictions of Reactor Antineutrino Spectra}",
      journal        = "Phys. Rev.",
      volume         = "C83",
      year           = "2011",
      pages          = "054615",
      doi            = "10.1103/PhysRevC.83.054615",
      eprint         = "1101.2663",
      archivePrefix  = "arXiv",
      primaryClass   = "hep-ex",
      reportNumber   = "IRFU-10-280",
      SLACcitation   = "%%CITATION = ARXIV:1101.2663;%%"
}


@article{Huber,
      author         = "Huber, Patrick",
      title          = "{On the determination of anti-neutrino spectra from
                        nuclear reactors}",
      journal        = "Phys. Rev.",
      volume         = "C84",
      year           = "2011",
      pages          = "024617",
      doi            = "10.1103/PhysRevC.85.029901, 10.1103/PhysRevC.84.024617",
      note           = "[Erratum: Phys. Rev.C85,029901(2012)]",
      eprint         = "1106.0687",
      archivePrefix  = "arXiv",
      primaryClass   = "hep-ph",
      SLACcitation   = "%%CITATION = ARXIV:1106.0687;%%"
}
//~~~~~~~~~~~~~~~~~~~~~~~~~~~~~~~~~~~~~~~~~~~~~~~~~~~~~~~~~~~~~~~~~~~~~~~~~~
//Experiments that use reactor neutrinos
@article{ReactOscExp,
      author         = "Bemporad, Carlo and Gratta, Giorgio and Vogel, Petr",
      title          = "{Reactor based neutrino oscillation experiments}",
      journal        = "Rev. Mod. Phys.",
      volume         = "74",
      year           = "2002",
      pages          = "297",
      doi            = "10.1103/RevModPhys.74.297",
      eprint         = "hep-ph/0107277",
      archivePrefix  = "arXiv",
      primaryClass   = "hep-ph",
      SLACcitation   = "%%CITATION = HEP-PH/0107277;%%"
}

@article{DayaBayPRL2012,
  	title = "{Observation of Electron-Antineutrino Disappearance at Daya Bay}",
  	author = {An, F. P. and others},
	journal = {Phys. Rev. Lett.},
  	volume = {108},
  	issue = {17},
  	pages = {171803},
  	numpages = {7},
  	year = {2012},
  	month = {Apr},
  	publisher = {American Physical Society},
  	doi = {10.1103/PhysRevLett.108.171803},
  	url = {https://link.aps.org/doi/10.1103/PhysRevLett.108.171803}
}

@article{DayaBayPRL2018,
  title = "{Measurement of the Electron Antineutrino Oscillation with 1958 Days of Operation at Daya Bay}",
  author = {Adey, D. and others},
  collaboration = {The Daya Bay Collaboration},
  journal = {Phys. Rev. Lett.},
  volume = {121},
  issue = {24},
  pages = {241805},
  numpages = {7},
  year = {2018},
  month = {Dec},
  publisher = {American Physical Society},
  doi = {10.1103/PhysRevLett.121.241805},
  url = {https://link.aps.org/doi/10.1103/PhysRevLett.121.241805}
}

//Paper with flux plot
@article{DayaBayFlux2018,
      author         = "Adey, D. and others",
      title          = "{Improved Measurement of the Reactor Antineutrino Flux at
                        Daya Bay}",
      collaboration  = "Daya Bay",
      year           = "2018",
      eprint         = "1808.10836",
      archivePrefix  = "arXiv",
      primaryClass   = "hep-ex",
      SLACcitation   = "%%CITATION = ARXIV:1808.10836;%%",
	  note 			 = "arXiv:1808.10836 [hep-ex]"
}

//Paper with "bump" plots
@article{DayaBayAnomaly,
	author         = "An, Feng Peng and others",
	title          = "{Measurement of the Reactor Antineutrino Flux and
	Spectrum at Daya Bay}",
	collaboration  = "Daya Bay",
	journal        = "Phys. Rev. Lett.",
	volume         = "116",
	year           = "2016",
	number         = "6",
	pages          = "061801",
	doi            = "10.1103/PhysRevLett.116.061801,
	10.1103/PhysRevLett.118.099902",
	note           = "[Erratum: Phys. Rev. Lett.118,no.9,099902(2017)]",
	eprint         = "1508.04233",
	archivePrefix  = "arXiv",
	primaryClass   = "hep-ex",
	SLACcitation   = "%%CITATION = ARXIV:1508.04233;%%"
}

@article{An:2015qga,
	author         = "An, F. P. and others",
	title          = "{The Detector System of The Daya Bay Reactor Neutrino
	Experiment}",
	collaboration  = "Daya Bay",
	journal        = "Nucl. Instrum. Meth.",
	volume         = "A811",
	year           = "2016",
	pages          = "133-161",
	doi            = "10.1016/j.nima.2015.11.144",
	eprint         = "1508.03943",
	archivePrefix  = "arXiv",
	primaryClass   = "physics.ins-det",
	SLACcitation   = "%%CITATION = ARXIV:1508.03943;%%"
}

@article{DayaBayFuel,
	title = "{Analysis of the Daya Bay Reactor Antineutrino Flux Changes with Fuel Burnup}",
	author = {Hayes, A. C. and Jungman, Gerard and McCutchan, E. A. and Sonzogni, A. A. and Garvey, G. T. and Wang, X. B.},
	journal = {Phys. Rev. Lett.},
	volume = {120},
	issue = {2},
	pages = {022503},
	numpages = {5},
	year = {2018},
	month = {Jan},
	publisher = {American Physical Society},
	doi = {10.1103/PhysRevLett.120.022503},
	url = {https://link.aps.org/doi/10.1103/PhysRevLett.120.022503}
}

@article{RENOPRL,
  title = "{Observation of Reactor Electron Antineutrinos Disappearance in the RENO Experiment}",
  author = {Ahn, J. K. and others},
  collaboration = {RENO Collaboration},
  journal = {Phys. Rev. Lett.},
  volume = {108},
  issue = {19},
  pages = {191802},
  numpages = {6},
  year = {2012},
  month = {May},
  publisher = {American Physical Society},
  doi = {10.1103/PhysRevLett.108.191802},
  url = {https://link.aps.org/doi/10.1103/PhysRevLett.108.191802}
}

@article{RENOOsc2018,
  title = "{Measurement of Reactor Antineutrino Oscillation Amplitude and Frequency at RENO}",
  author = {Bak, G. and others},
  collaboration = {RENO Collaboration},
  journal = {Phys. Rev. Lett.},
  volume = {121},
  issue = {20},
  pages = {201801},
  numpages = {6},
  year = {2018},
  month = {Nov},
  publisher = {American Physical Society},
  doi = {10.1103/PhysRevLett.121.201801},
  url = {https://link.aps.org/doi/10.1103/PhysRevLett.121.201801}
}

@article{RENO:2018pwo,
      author         = "Bak, G. and others",
      title          = "{Fuel-composition dependent reactor antineutrino yield
                        and spectrum at RENO}",
      collaboration  = "RENO",
      year           = "2018",
      eprint         = "1806.00574",
      archivePrefix  = "arXiv",
      primaryClass   = "hep-ex",
      SLACcitation   = "%%CITATION = ARXIV:1806.00574;%%",
	  note 			 = "arXiv:1806.00574 [hep-ex]"
}

@article{Seo:2016uom,
	author         = "Seo, S. H. and others",
	title          = "{Spectral Measurement of the Electron Antineutrino
	Oscillation Amplitude and Frequency using 500 Live Days of
	RENO Data}",
	collaboration  = "RENO",
	journal        = "Phys. Rev.",
	volume         = "D98",
	year           = "2018",
	number         = "1",
	pages          = "012002",
	doi            = "10.1103/PhysRevD.98.012002",
	eprint         = "1610.04326",
	archivePrefix  = "arXiv",
	primaryClass   = "hep-ex",
	SLACcitation   = "%%CITATION = ARXIV:1610.04326;%%"
}


@article{DoubleChoozPRL,
  title = "{Reactor ${\overline{\ensuremath{\nu}}}_{e}$ disappearance in the Double Chooz experiment}",
  author = {Abe, Y. and others},
  collaboration = {Double Chooz Collaboration},
  journal = {Phys. Rev. D},
  volume = {86},
  issue = {5},
  pages = {052008},
  numpages = {21},
  year = {2012},
  month = {Sep},
  publisher = {American Physical Society},
  doi = {10.1103/PhysRevD.86.052008},
  url = {https://link.aps.org/doi/10.1103/PhysRevD.86.052008}
}

@article{DoubleChooz:2019qbj,
      author         = "De Kerret, H. and others",
      title          = "{First Double Chooz $\mathbf{\theta_{13}}$ Measurement
                        via Total Neutron Capture Detection}",
      collaboration  = "Double Chooz",
      year           = "2019",
      eprint         = "1901.09445",
      archivePrefix  = "arXiv",
      primaryClass   = "hep-ex",
      SLACcitation   = "%%CITATION = ARXIV:1901.09445;%%",
	  note 			 = "arXiv:1901.09445 [hep-ex]"
}

@article{KamLAND2008,
      author         = "Abe, S. and others",
      title          = "{Precision Measurement of Neutrino Oscillation Parameters
                        with KamLAND}",
      collaboration  = "KamLAND",
      journal        = "Phys. Rev. Lett.",
      volume         = "100",
      year           = "2008",
      pages          = "221803",
      doi            = "10.1103/PhysRevLett.100.221803",
      eprint         = "0801.4589",
      archivePrefix  = "arXiv",
      primaryClass   = "hep-ex",
      SLACcitation   = "%%CITATION = ARXIV:0801.4589;%%"
}

@article{KamLAND2016,
      author         = "Gando, A. and others",
      title          = "{Search for Majorana Neutrinos near the Inverted Mass
                        Hierarchy Region with KamLAND-Zen}",
      collaboration  = "KamLAND-Zen",
      journal        = "Phys. Rev. Lett.",
      volume         = "117",
      year           = "2016",
      number         = "8",
      pages          = "082503",
      doi            = "10.1103/PhysRevLett.117.109903,
                        10.1103/PhysRevLett.117.082503",
      note           = "[Addendum: Phys. Rev. Lett.117,no.10,109903(2016)]",
      eprint         = "1605.02889",
      archivePrefix  = "arXiv",
      primaryClass   = "hep-ex",
      SLACcitation   = "%%CITATION = ARXIV:1605.02889;%%"
}

//~~~~~~~~~~~~~~~~~~~~~~~~~~~~~~~~~~~~~~~~~~~~~~~~~~~~~~~~~~~~~~~~~~~~~~~~~~
//Sterile neutrinos

@article{Abazajian:2012ys,
	author         = "Abazajian, K. N. and others",
	title          = "{Light Sterile Neutrinos: A White Paper}",
	year           = "2012",
	eprint         = "1204.5379",
	archivePrefix  = "arXiv",
	primaryClass   = "hep-ph",
	reportNumber   = "FERMILAB-PUB-12-881-PPD",
	SLACcitation   = "%%CITATION = ARXIV:1204.5379;%%"
}

@article{Aguilar:2001ty,
	author         = "Aguilar-Arevalo, A. and others",
	title          = "{Evidence for neutrino oscillations from the observation
	of anti-neutrino(electron) appearance in a
	anti-neutrino(muon) beam}",
	collaboration  = "LSND",
	journal        = "Phys. Rev.",
	volume         = "D64",
	year           = "2001",
	pages          = "112007",
	doi            = "10.1103/PhysRevD.64.112007",
	eprint         = "hep-ex/0104049",
	archivePrefix  = "arXiv",
	primaryClass   = "hep-ex",
	SLACcitation   = "%%CITATION = HEP-EX/0104049;%%"
}

@article{Aguilar-Arevalo:2013pmq,
author         = "Aguilar-Arevalo, A. A. and others",
title          = "{Improved Search for $\bar \nu_\mu \rightarrow \bar
\nu_e$ Oscillations in the MiniBooNE Experiment}",
collaboration  = "MiniBooNE",
journal        = "Phys. Rev. Lett.",
volume         = "110",
year           = "2013",
pages          = "161801",
doi            = "10.1103/PhysRevLett.110.161801",
eprint         = "1303.2588",
archivePrefix  = "arXiv",
primaryClass   = "hep-ex",
reportNumber   = "LA-UR-13-21523, FERMILAB-PUB-13-066-AD-E-PPD",
SLACcitation   = "%%CITATION = ARXIV:1303.2588;%%"
}


@article{Mention:2011rk,
	author         = "Mention, G. and Fechner, M. and Lasserre, Th. and
	Mueller, Th. A. and Lhuillier, D. and Cribier, M. and
	Letourneau, A.",
	title          = "{The Reactor Antineutrino Anomaly}",
	journal        = "Phys. Rev.",
	volume         = "D83",
	year           = "2011",
	pages          = "073006",
	doi            = "10.1103/PhysRevD.83.073006",
	eprint         = "1101.2755",
	archivePrefix  = "arXiv",
	primaryClass   = "hep-ex",
	SLACcitation   = "%%CITATION = ARXIV:1101.2755;%%"
}

@article{Giunti:2010zu,
	author         = "Giunti, Carlo and Laveder, Marco",
	title          = "{Statistical Significance of the Gallium Anomaly}",
	journal        = "Phys. Rev.",
	volume         = "C83",
	year           = "2011",
	pages          = "065504",
	doi            = "10.1103/PhysRevC.83.065504",
	eprint         = "1006.3244",
	archivePrefix  = "arXiv",
	primaryClass   = "hep-ph",
	SLACcitation   = "%%CITATION = ARXIV:1006.3244;%%"
}
//~~~~~~~~~~~~~~~~~~~~~~~~~~~~~~~~~~~~~~~~~~~~~~~~~~~~~~~~~~~~~~~~~~~~~~~~~~
//PROSPECT papers

//P20
@article{Ashenfelter:2015aaa,
	author         = "Ashenfelter, J. and others",
	title          = "{Light Collection and Pulse-Shape Discrimination in
	Elongated Scintillator Cells for the PROSPECT Reactor
	Antineutrino Experiment}",
	collaboration  = "PROSPECT",
	journal        = "JINST",
	volume         = "10",
	year           = "2015",
	number         = "11",
	pages          = "P11004",
	doi            = "10.1088/1748-0221/10/11/P11004",
	eprint         = "1508.06575",
	archivePrefix  = "arXiv",
	primaryClass   = "physics.ins-det",
	SLACcitation   = "%%CITATION = ARXIV:1508.06575;%%"
}

@article{Ashenfelter:2015tpm,
	author         = "Ashenfelter, J. and others",
	title          = "{Background Radiation Measurements at High Power Research
	Reactors}",
	collaboration  = "PROSPECT",
	journal        = "Nucl. Instrum. Meth.",
	volume         = "A806",
	year           = "2016",
	pages          = "401-419",
	doi            = "10.1016/j.nima.2015.10.023",
	eprint         = "1506.03547",
	archivePrefix  = "arXiv",
	primaryClass   = "physics.ins-det",
	SLACcitation   = "%%CITATION = ARXIV:1506.03547;%%"
}

@article{PhysicsPaper,
      author         = "Ashenfelter, J. and others",
      title          = "{The PROSPECT Physics Program}",
      collaboration  = "PROSPECT",
      journal        = "J. Phys.",
      volume         = "G43",
      year           = "2016",
      number         = "11",
      pages          = "113001",
      doi            = "10.1088/0954-3899/43/11/113001",
      eprint         = "1512.02202",
      archivePrefix  = "arXiv",
      primaryClass   = "physics.ins-det",
      SLACcitation   = "%%CITATION = ARXIV:1512.02202;%%"
}

//P50
@article{Ashenfelter:2018cli,
	author         = "Ashenfelter, J. and others",
	title          = "{Performance of a segmented $^{6}$Li-loaded liquid
	scintillator detector for the PROSPECT experiment}",
	collaboration  = "PROSPECT",
	journal        = "JINST",
	volume         = "13",
	year           = "2018",
	number         = "06",
	pages          = "P06023",
	doi            = "10.1088/1748-0221/13/06/P06023",
	eprint         = "1805.09245",
	archivePrefix  = "arXiv",
	primaryClass   = "physics.ins-det",
	SLACcitation   = "%%CITATION = ARXIV:1805.09245;%%"
}

@article{PhysRevLett.121.251802,
  title = "{First Search for Short-Baseline Neutrino Oscillations at HFIR with PROSPECT}",
  author = "Ashenfelter, J. and others",
  collaboration = {PROSPECT Collaboration  1},
  journal = {Phys. Rev. Lett.},
  volume = {121},
  issue = {25},
  pages = {251802},
  numpages = {7},
  year = {2018},
  month = {Dec},
  publisher = {American Physical Society},
  doi = {10.1103/PhysRevLett.121.251802},
  url = {https://link.aps.org/doi/10.1103/PhysRevLett.121.251802}
}

@article{LongNIM,
	author         = "Ashenfelter, J. and others",
	title          = "{The PROSPECT Reactor Antineutrino Experiment}",
	collaboration  = "PROSPECT",
	journal        = "Nucl. Instrum. Meth.",
	volume         = "A922",
	year           = "2019",
	pages          = "287-309",
	doi            = "10.1016/j.nima.2018.12.079",
	eprint         = "1808.00097",
	archivePrefix  = "arXiv",
	primaryClass   = "physics.ins-det",
	SLACcitation   = "%%CITATION = ARXIV:1808.00097;%%"
}

@article{Ashenfelter:2018jrx,
	author         = "Ashenfelter, J. and others",
	title          = "{Measurement of the Antineutrino Spectrum from $^{235}$U
	Fission at HFIR with PROSPECT}",
	collaboration  = "PROSPECT",
	journal        = "Phys. Rev. Lett.",
	volume         = "122",
	year           = "2019",
	number         = "25",
	pages          = "251801",
	doi            = "10.1103/PhysRevLett.122.251801",
	eprint         = "1812.10877",
	archivePrefix  = "arXiv",
	primaryClass   = "nucl-ex",
	SLACcitation   = "%%CITATION = ARXIV:1812.10877;%%"
}

@article{Ashenfelter:2019iqj,
	author         = "Ashenfelter, J. and others",
	title          = "{Lithium-loaded Liquid Scintillator Production for the
	PROSPECT experiment}",
	collaboration  = "PROSPECT",
	journal        = "JINST",
	volume         = "14",
	year           = "2019",
	number         = "03",
	pages          = "P03026",
	doi            = "10.1088/1748-0221/14/03/P03026",
	eprint         = "1901.05569",
	archivePrefix  = "arXiv",
	primaryClass   = "physics.ins-det",
	SLACcitation   = "%%CITATION = ARXIV:1901.05569;%%"
}

@article{Ashenfelter:2019lbf,
	author         = "Ashenfelter, J. and others",
	title          = "{A Low Mass Optical Grid for the PROSPECT Reactor
	Antineutrino Detector}",
	collaboration  = "PROSPECT",
	journal        = "JINST",
	volume         = "14",
	year           = "2019",
	number         = "04",
	pages          = "P04014",
	doi            = "10.1088/1748-0221/14/04/P04014",
	eprint         = "1902.06430",
	archivePrefix  = "arXiv",
	primaryClass   = "physics.ins-det",
	SLACcitation   = "%%CITATION = ARXIV:1902.06430;%%"
}

@article{Ashenfelter:2019jzp,
	author         = "Ashenfelter, J. and others",
	title          = "{The Radioactive Source Calibration System of the
	PROSPECT Reactor Antineutrino Detector}",
	collaboration  = "PROSPECT",
	journal        = "Nucl. Instrum. Meth.",
	volume         = "A944",
	year           = "2019",
	pages          = "2019",
	doi            = "10.1016/j.nima.2019.162465",
	eprint         = "1906.07244",
	archivePrefix  = "arXiv",
	primaryClass   = "physics.ins-det",
	SLACcitation   = "%%CITATION = ARXIV:1906.07244;%%"
}

//HFIR

@techreport{HFIRTech,
	author       = {Germina Ilas and David Chandler and Brian Ade and Eva Sunny and Ben Betzler and Dan Pinkston}, 
	title        = {Modeling and Simulations for the High Flux Isotope Reactor Cycle 400},
	institution  = {Oak Ridge National Laboratory},
	year         = 2015,
	month        = 3,
	note         = {https://info.ornl.gov/sites/publications/Files/Pub54181.pdf}
}

@misc{Conant,
	ALTauthor = {Andrew Conant,Nathaniel Bowden, Anna Erickson},
	title = {Reactor Modeling Uncertainties for Antineutrino Detection at HFIR Using the PROSPECT Experiment},
	date = {April 8, 2018},
	OPTurl = {https://prospect.yale.edu/sites/default/files/files/Conant_MARCXI_Poster_v5.pdf},
	OPTurldate = {8/12/19},
	note = {MARC XI}
}

@thesis{Heffron,
	author = {Heffron, Blaine Alexander},
	title = "{Characterization of Reactor Background Radiation at HFIR for the PROSPECT Experiment}",
	type = "Master of Science",
	institution = {University of Tennessee},
	date = "5-2017",
	OPTurl = "https://trace.tennessee.edu/utk_gradthes/4747/",
	OPTurldate = "8/13/19",
	note = {https://trace.tennessee.edu/utk\_gradthes/4747/}
}

@thesis{Hackett,
	author = {Brennan Hackett},
	title = "{DANG and the Background Characterisation of HFIR for PROSPECT}",
	type = "Master of Science",
	institution = "UNIVERSITY OF SURREY",
	date = "1-2017",
	OPTurl = "https://prospect.yale.edu/sites/default/files/hackett_brennan_-_university_of_surrey.pdf",
	OPTurldate = "8/13/19",
	note = {https://prospect.yale.edu/sites/default/files/hackett\_brennan\_-\_university\_of\_surrey.pdf}
}


//~~~~~~~~~~~~~~~~~~~~~~~~~~~~~~~~~~~~~~~~~~~~~~~~~~~~~~~~~~~~~~~~
//Ac references
@incollection{Kirby2011,
	author      = {H. W. Kirby and L. R. Morss},
	title       = "ACTINIUM",
	editor      = {{Morss}, L.~R. and {Edelstein}, N.~M. and {Fuger}, J.},
	booktitle   = "{The Chemistry of the Actinide and Transactinide Elements}",
	publisher   = {Springer},
	year        = 2011,
	pages       = "18-51",
	chapter     = 2,
	doi = {10.1007/978-94-007-0211-0}
}	


@article{ERLIK197145,
	title = "Lifetime measurements of alpha emitters in the millisecond region",
	journal = "Nuclear Instruments and Methods",
	volume = "92",
	number = "1",
	pages = "45 - 49",
	year = "1971",
	issn = "0029-554X",
	doi = "https://doi.org/10.1016/0029-554X(71)90221-7",
	url = "http://www.sciencedirect.com/science/article/pii/0029554X71902217",
	author = "A. Erlik and J. Felsteiner and H. Lindeman and M. Tatcher"
}

@article{NSR1961VO06,
	author="Yu. M. {Volkov} and A. P. {Komar} and G. A. {Korolev} and G. E. {Kocharov}",
	title="Ionization Alpha-Spectrometer with Time Analyzer to Determine Decay Half-Times",
	journal="Izvest.Akad.Nauk",
	year=1961,
	volume="SSSR",
	pages="Ser.Fiz. 25, 1188"
}

@article{Ward:1942,
	author = "A. G. Ward",
	title = "A new method of determining half-value periods from observations with a single Geiger counter",
	journal = "Proceedings of the Royal Society of London. Series A. Mathematical and Physical Sciences",
	volume = "181",
	year = "1942",
	issue = "985",
	doi = "10.1098/rspa.1942.0070"
}


//Paper that references Bi-Po's and Rn-Po's
@article{DayaBayBiPo,
      author         = "An, Feng Peng and others",
      title          = "{Measurement of electron antineutrino oscillation based
                        on 1230 days of operation of the Daya Bay experiment}",
      collaboration  = "Daya Bay",
      journal        = "Phys. Rev.",
      volume         = "D95",
      year           = "2017",
      number         = "7",
      pages          = "072006",
      doi            = "10.1103/PhysRevD.95.072006",
      eprint         = "1610.04802",
      archivePrefix  = "arXiv",
      primaryClass   = "hep-ex",
      SLACcitation   = "%%CITATION = ARXIV:1610.04802;%%"
}

@phdthesis{Hofmann,
  author       = {Martin Hofmann}, 
  title        = {Liquid Scintillators and Liquefied Rare Gases for Particle Detectors},
  school       = {Technische Universitat Munchen},
  year         = 2012,
  address      = {Munchen, Germany},
  month        = 9,
}

@book{Knoll,
	author = "Glenn H. Knoll",
	title = "Radiation Detection and Measurement",
	publisher = "John Wiley and Sons, Inc.",
	year = 2000,
	edition = 3,
	isbn = 9780471073383
}

//~~~~~~~~~~~~~~~~~~~~~~~~~~~~~~~~~~~~~~~~~~~~~~~~~~~~~~~~~~~~~~~~~~~~~~~~~~
@article{Vogel:1999zy,
	author         = "Vogel, P. and Beacom, John F.",
	title          = "{Angular distribution of neutron inverse beta decay,
	anti-neutrino(e) + p ---> e+ + n}",
	journal        = "Phys. Rev.",
	volume         = "D60",
	year           = "1999",
	pages          = "053003",
	doi            = "10.1103/PhysRevD.60.053003",
	eprint         = "hep-ph/9903554",
	archivePrefix  = "arXiv",
	primaryClass   = "hep-ph",
	SLACcitation   = "%%CITATION = HEP-PH/9903554;%%"
}

@misc{NucChart,
		author = {NNDC},
		title = "{Chart of Nuclides}",
		year = "",
		URL = "https://www.nndc.bnl.gov/nudat2/",
		urldate = {2019-07-22}
}

@article{Qian:2018wid,
	author         = "Qian, Xin and Peng, Jen-Chieh",
	title          = "{Physics with Reactor Neutrinos}",
	journal        = "Rept. Prog. Phys.",
	volume         = "82",
	year           = "2019",
	number         = "3",
	pages          = "036201",
	doi            = "10.1088/1361-6633/aae881",
	eprint         = "1801.05386",
	archivePrefix  = "arXiv",
	primaryClass   = "hep-ex",
	SLACcitation   = "%%CITATION = ARXIV:1801.05386;%%"
}

//~~~~~~~~~~~~~~~~~~~~~~~~~~~~~~~~~~~~~~~~~~~~~~~~~~~~~~~~~~~~~~~~~~~~~~~~~~
//Docdb documents

@misc{MM:2773,
	author = "M. Mendenhall",
	title = "{PRD Figure 3a: average pulse shapes}",
	howpublished = "{PROSPECT DocDB 2773-v1}",
	month = "May",
	year = "2019",
	URL = "https://docdb.wlab.yale.edu/prospect/ShowDocument?docid=2773",
	urldate = "2019-09-05"
}

@misc{MM:2764,
	author = "M. Mendenhall",
	title = "{PRD Figure 4: pulse analysis}",
	howpublished = "{PROSPECT DocDB 2764-v4}",
	month = "May",
	year = "2019",
	URL = "https://docdb.wlab.yale.edu/prospect/ShowDocument?docid=2764",
	urldate = "2019-09-05"
}

@misc{MM:2731,
	author = "M. Mendenhall",
	title = "{PRD Figure 7: PSD vs Signal}",
	howpublished = "{PROSPECT DocDB 2731-v1}",
	month = "May",
	year = "2019",
	URL = "https://docdb.wlab.yale.edu/prospect/ShowDocument?docid=2731",
	urldate = "2019-09-05"
}

@misc{MM:2314,
	author = "M. Mendenhall",
	title = "{AD1 Calibrations tech note}",
	howpublished = "{PROSPECT DocDB 2314-v2}",
	month = "May",
	year = "2018",
	URL = "https://docdb.wlab.yale.edu/prospect/ShowDocument?docid=2314",
	urldate = "2019-09-09"
}

@misc{XZhang:2815,
	author = "Xianyi Zhang",
	title = "{E Scale Tech Note for PRD Analysis}",
	howpublished = "{PROSPECT DocDB 2815-v1}",
	month = "July",
	year = "2019",
	URL = "https://docdb.wlab.yale.edu/prospect/ShowDocument?docid=2815",
	urldate = "2019-09-12"
}

//~~~~~~~~~~~~~~~~~~~~~~~~~~~~~~~~~~~~~~~~~~~~~~~~~~~~~~~~~~~~~~~~~~~~~~~~~~
@article{Birks_1951,
	doi = {10.1088/0370-1298/64/10/303},
	url = {https://doi.org/10.1088%2F0370-1298%2F64%2F10%2F303},
	year = 1951,
	month = {oct},
	publisher = {{IOP} Publishing},
	volume = {64},
	number = {10},
	pages = {874--877},
	author = {J B Birks},
	title = {Scintillations from Organic Crystals: Specific Fluorescence and Relative Response to Different Radiations},
	journal = {Proceedings of the Physical Society. Section A}
}

@incollection{BIRKS1964269,
	title = "CHAPTER 8 - ORGANIC LIQUID SCINTILLATORS",
	editor = "J.B. BIRKS",
	booktitle = "The Theory and Practice of Scintillation Counting",
	publisher = "Pergamon",
	pages = "269 - 320",
	year = "1964",
	series = "International Series of Monographs in Electronics and Instrumentation",
	isbn = "978-0-08-010472-0",
	doi = "https://doi.org/10.1016/B978-0-08-010472-0.50013-6",
	url = "http://www.sciencedirect.com/science/article/pii/B9780080104720500136",
	author = "J.B. BIRKS"
}